%% This BibTeX bibliography file was created using BibDesk.
%% http://bibdesk.sourceforge.net/


%% Created for Lauro Cesar Araujo at 2013-04-05 08:03:49 -0300 


%% Saved with string encoding Unicode (UTF-8) 

@article{Spaccapietra2008,
  title={A conceptual view on trajectories},
  author={Spaccapietra, Stefano and Parent, Christine and Damiani, Maria Luisa and de Macedo, Jose Antonio and Porto, Fabio and Vangenot, Christelle},
  journal={Data \& knowledge engineering},
  volume={65},
  number={1},
  pages={126--146},
  year={2008},
  publisher={Elsevier}
}

@article{Bogorny2008,
  title={A framework for context-aware trajectory data mining},
  author={Bogorny, Vania and Wachowicz, Monica},
  journal={Data Mining for Business Applications},
  pages={225--240},
  year={2009},
  publisher={Springer}
}

@book{Rezende2003,
  title={Sistemas inteligentes: fundamentos e aplicações},
  author={Rezende, Solange Oliveira},
  year={2003},
  publisher={Editora Manole Ltda}
}

@book{Giannotti2008,
  title={Mobility, data mining and privacy: Geographic knowledge discovery},
  author={Giannotti, Fosca and Pedreschi, Dino},
  year={2008},
  publisher={Springer Science \& Business Media}
}

@article{Bogorny2014,
  title={CONSTAnT--a conceptual data model for semantic trajectories of moving objects},
  author={Bogorny, Vania and Renso, Chiara and Aquino, Artur Ribeiro and Lucca Siqueira, Fernando and Alvares, Luis Otavio},
  journal={Transactions in GIS},
  volume={18},
  number={1},
  pages={66--88},
  year={2014},
  publisher={Wiley Online Library}}
    
@book{Bogorny2012,
	Title = {Introdução a trajetórias de objetos móveis - conceitos, armazenamento e análise de dados},
    Author = {Bogorny, V. and Braz, F. J.},
    Year = {2012},
    numpages={116},
    publisher={Editora Univille}}

@inproceedings{Furletti2013,
 author = {Furletti, Barbara and Cintia, Paolo and Renso, Chiara and Spinsanti, Laura},
 title = {Inferring Human Activities from GPS Tracks},
 booktitle = {Proceedings of the 2Nd ACM SIGKDD International Workshop on Urban Computing},
 series = {UrbComp '13},
 year = {2013},
 isbn = {978-1-4503-2331-4},
 location = {Chicago, Illinois},
 pages = {5:1--5:8},
 articleno = {5},
 numpages = {8},
 url = {http://doi.acm.org/10.1145/2505821.2505830},
 doi = {10.1145/2505821.2505830},
 acmid = {2505830},
 publisher = {ACM},
 address = {New York, NY, USA},
 keywords = {GPS data, human activities, semantic enrichment},
}

@inproceedings{alvares2007,
 author = {Alvares, Luis Otavio and Bogorny, Vania and Kuijpers, Bart and de Macedo, Jose Antonio Fernandes and Moelans, Bart and Vaisman, Alejandro},
 title = {A Model for Enriching Trajectories with Semantic Geographical Information},
 booktitle = {Proceedings of the 15th Annual ACM International Symposium on Advances in Geographic Information Systems},
 series = {GIS '07},
 year = {2007},
 isbn = {978-1-59593-914-2},
 location = {Seattle, Washington},
 pages = {22:1--22:8},
 articleno = {22},
 numpages = {8},
 url = {http://doi.acm.org/10.1145/1341012.1341041},
 doi = {10.1145/1341012.1341041},
 acmid = {1341041},
 publisher = {ACM},
 address = {New York, NY, USA},
 keywords = {moving objects, querying trajectories, semantic trajectories, stops and moves, trajectory data analysis},
} 

@incollection{laube2005finding,
  title={Finding REMO—detecting relative motion patterns in geospatial lifelines},
  author={Laube, Patrick and van Kreveld, Marc and Imfeld, Stephan},
  booktitle={Developments in spatial data handling},
  pages={201--215},
  year={2005},
  publisher={Springer Berlin Heidelberg}
}

@INPROCEEDINGS{sublime2015, 
author={Sublime, J. and Troya-Galvis, A. and Bennani, Y. and Cornuejols, A. and Gancarski, P.}, 
booktitle={Machine Vision Applications (MVA), 2015 14th IAPR International Conference on}, 
title={Semantic rich ICM algorithm for VHR satellite images segmentation}, 
year={2015}, 
pages={45-48}, 
keywords={Markov processes;image resolution;image segmentation;pattern clustering;MRF-based segmentation algorithm;Markov random field;VHR satellite image segmentation;clustering quality;expert map;geographic position property;iterated conditional mode;semantic information extraction;semantic rich ICM algorithm;unsupervised learning quality index;very high resolution image;Clustering algorithms;Data mining;Image resolution;Image segmentation;Indexes;Satellites;Semantics}, 
doi={10.1109/MVA.2015.7153129}, 
month={May},}
    
    
    
    
    
    
    
    
    
    
    
    
    
    
    
    
    
    
    
    